@book{cppBjarne,
  author    = {Bjarne Stroustrup},
  publisher = {Helion},
  title     = {Programowanie. Teoria i praktyka z wykorzystaniem C++},
  year      = {2021}
}

@book{designPatterns,
  author   = {Erich Gamma Richard Helm Ralph Johnson John Vlissides},
  publisher = {Helion},
  title     = {Design Patterns: Elements of Reusable Object-Oriented Software},
  year      = {2010},
}

@misc{cheapController,
  author       = {Lui Gough},
  howpublished = {URL: https://gough\-lui.com/\-2020/10/11/review-teardown-l336-learning-infrared-remote-control-reviving-a-dead-remote/},
  title        = {Interlook L336: reveiew, teardown},
  year         = {2020},
  note         = {Dostęp 1.11.2023r.}
}

 @misc{expensiveController,
  author       = {Koninklijke Philips N.V.},
  howpublished = {URL: https://manualzz.com/doc/64010642/philips-srp4030-10-replacement-remote-control-product-dat...},
  title        = {Philips SRP4030/10 Replacement Remote Control Product datasheet},
  year         = {2021},
  note         = {Dostęp 1.11.2023r.}
}

 @misc{appController,
  author       = {Havells India Ltd.},
  howpublished = {URL: \href{https://www.re\-lian\-ce\-digital.in//user-manual?context\-=bWFzdGVyfHJvb3R8MzY4Njk4M3xhcHBsaWNhdGlvbi9wZGZ8aDUxL2g\-1Mi85NzMwMTg2OTM2MzUwLnBkZnxlZDFhZmJiZDk0NGU0MWRkOTAyZ\-TQyODA5M2ZkY2FiYTVlMTllZjYzNTgyOWVkMGMxNGUwNjBiY2Q0ZTY0\-MTk2}{https://www.reliancedigital.in//user-manual}},
  title        = {Smart IR Remote Crabtree Manual},
  year         = {2021},
  note         = {Dostęp 1.11.2023r.}
}

@misc{esp32Datasheet,
  author       = { Espressif Systems (Shanghai) Co., Ltd.},
  howpublished = {URL: https://www.circuitstate.com/pinouts/doit-esp32-devkit-v1-wifi-development-board-pinout-diagram-and-reference/},
  title        = {ESP32 Series Datasheet},
  year         = {2023},
  note         = {Dostęp 3.11.2023r.}
}

@misc{doitDevKitV1,
  author       = {Vishnu Mohanan},
  howpublished = {URL: https://www.circuitstate.com/pinouts/doit-esp32-devkit-v1-wifi-development-board-pinout-diagram-and-reference/},
  title        = {DOIT ESP32 DevKit V1 Wi-Fi Development Board - Pinout Diagram \& Arduino Reference},
  year         = {2022},
  note         = {Dostęp 4.11.2023r.}
}
@misc{arduinoIntroduction,
  author       = {Arduino},
  howpublished = {URL: https://www.ar\-du\-i\-no.cc/en/Guide/In\-tro\-duc\-tion},
  title        = {Arduino introduction and guide},
  year         = {2023},
  note         = {Dostęp 7.11.2023r.}
}

@misc{necIR,
  author       = {ExploreEmbedded},
  howpublished = {URL: https://exploreembedded.com/wiki/NEC\_IR\_Remote\-\_Control\-\_Interface\-\_with\_8051},
  title        = {NEC IR Remote Control Interface with 8051},
  year         = {2023},
  note         = {Dostęp 20.11.2023r.}
}

@misc{androidStats,
  author       = {Amadeusz Cyganek},
  howpublished = {URL: https://www.komputer\-swiat.pl/a\-ktu\-alnosci/smartfony/android-traci-udzialy-na-rynku-systemow-mobilnych-rosnie-znaczenie-ios/jbvqbb7},
  title        = {Android traci udziały na rynku systemów mobilnych. Rośnie znaczenie iOS},
  year         = {2022},
  note         = {Dostęp 9.11.2023r.}
}

@misc{dartInfo,
  author       = {Google},
  howpublished = {URL: https://dart.dev/overview},
  title        = {Dart Overview},
  year         = {2023},
  note         = {Dostęp 11.11.2023r.}
}
@misc{flutterDocs,
  author       = {Google},
  howpublished = {URL: https://docs.flutter.dev/},
  title        = {Flutter Documentacion},
  year         = {2023},
  note         = {Dostęp 12.11.2023r.}
}

@misc{sh1106,
  author       = {Sino Wealth},
  howpublished = {URL: https://cdn.velleman.eu/downloads\-/29/infosheets/sh1106\_datasheet.pdf},
  title        = {SH1106 Datasheet},
  year         = {2022},
  note         = {Dostęp 4.11.2023r.}
}

@misc{ky005,
  author       = {Joy-It},
  howpublished = {URL: https://datasheet-pdf.com/PDF/KY-005-Datasheet-Joy-IT-1402020},
  title        = {KY-005 Datasheet},
  year         = {2017},
  note         = {Dostęp 4.11.2023r.}
}

@misc{ky022,
  author       = {Joy-It},
  howpublished = {URL: https://pdf1.alldatasheet.com/datasheet-pdf/view/1221272/ETC2/KY-022.html},
  title        = {KY-022 Datasheet},
  year         = {2020},
  note         = {Dostęp 4.11.2023r.}
}

@misc{easyEda,
  author       = {EasyEDA},
  howpublished = {URL: https://easyeda.com/editor},
  title        = {EasyEDA online editor},
  year         = {2020},
  note         = {Dostęp 4.11.2023r.}
}

@misc{ble,
  author       = {Bluetooth SIG},
  howpublished = {URL: https://www.bluetooth.com\-/learn-about-bluetooth/tech-overview/},
  title        = {BLE Overview and papers},
  year         = {2023},
  note         = {Dostęp 24.11.2023r.}
}

@misc{infrared,
  author       = {PWN},
  howpublished = {URL: https://encyklopedia.pwn.pl/haslo/;3962663},
  title        = {Encyklopedia PWN},
  year         = {2023},
  note         = {Dostęp 20.11.2023r.}
}

@misc{flutterBluePlus,
  author       = {Jamcorder},
  howpublished = {URL: https://pub.dev/packages/flutter\_blue\-\_plus},
  title        = {FlutterBluePlus Docs},
  year         = {2023},
  note         = {Dostęp 29.11.2023r.}
}

@misc{nimBLE,
  author       = {H2zero},
  howpublished = {URL: https://github.com\-/h2zero/NimBLE-Arduino},
  title        = {NimBLE documentation and source},
  year         = {2022},
  note         = {Dostęp 29.11.2023r.}
}

@misc{image2cpp,
  author       = {Javl},
  howpublished = {URL: https://javl.github.io/image2cpp/},
  title        = {Image2cpp},
  year         = {2023},
  note         = {Dostęp 14.11.2023r.}
}

@misc{sharedPreferences,
  author       = {flutter.dev},
  howpublished = {URL: https://pub.dev/pa\-cka\-ges/shared\-\_preferences},
  title        = {SharedPreferences docs},
  year         = {2023},
  note         = {Dostęp 26.11.2023r.}
}